%YAML 1.1
%TAG !u! tag:unity3d.com,2011:
--- !u!1 &8557726405606315105
GameObject:
  m_ObjectHideFlags: 0
  m_CorrespondingSourceObject: {fileID: 0}
  m_PrefabInstance: {fileID: 0}
  m_PrefabAsset: {fileID: 0}
  serializedVersion: 6
  m_Component:
  - component: {fileID: 8425966140914566730}
  - component: {fileID: 1239847736449260201}
  - component: {fileID: 1017402302799597918}
  - component: {fileID: 3718900648744341671}
  - component: {fileID: 4707540654070444061}
  - component: {fileID: 5861847545013465260}
  - component: {fileID: 967755155201652039}
  m_Layer: 0
  m_Name: TestPlayer
  m_TagString: Untagged
  m_Icon: {fileID: 0}
  m_NavMeshLayer: 0
  m_StaticEditorFlags: 0
  m_IsActive: 1
--- !u!4 &8425966140914566730
Transform:
  m_ObjectHideFlags: 0
  m_CorrespondingSourceObject: {fileID: 0}
  m_PrefabInstance: {fileID: 0}
  m_PrefabAsset: {fileID: 0}
  m_GameObject: {fileID: 8557726405606315105}
  serializedVersion: 2
  m_LocalRotation: {x: 0, y: 0, z: 0, w: 1}
  m_LocalPosition: {x: -1.5511522, y: 0.93, z: 6.0158815}
  m_LocalScale: {x: 1, y: 1, z: 1}
  m_ConstrainProportionsScale: 0
  m_Children: []
  m_Father: {fileID: 0}
  m_LocalEulerAnglesHint: {x: 0, y: 0, z: 0}
--- !u!33 &1239847736449260201
MeshFilter:
  m_ObjectHideFlags: 0
  m_CorrespondingSourceObject: {fileID: 0}
  m_PrefabInstance: {fileID: 0}
  m_PrefabAsset: {fileID: 0}
  m_GameObject: {fileID: 8557726405606315105}
  m_Mesh: {fileID: 10202, guid: 0000000000000000e000000000000000, type: 0}
--- !u!23 &1017402302799597918
MeshRenderer:
  m_ObjectHideFlags: 0
  m_CorrespondingSourceObject: {fileID: 0}
  m_PrefabInstance: {fileID: 0}
  m_PrefabAsset: {fileID: 0}
  m_GameObject: {fileID: 8557726405606315105}
  m_Enabled: 1
  m_CastShadows: 1
  m_ReceiveShadows: 1
  m_DynamicOccludee: 1
  m_StaticShadowCaster: 0
  m_MotionVectors: 1
  m_LightProbeUsage: 1
  m_ReflectionProbeUsage: 1
  m_RayTracingMode: 2
  m_RayTraceProcedural: 0
  m_RenderingLayerMask: 1
  m_RendererPriority: 0
  m_Materials:
  - {fileID: 2100000, guid: 31321ba15b8f8eb4c954353edc038b1d, type: 2}
  m_StaticBatchInfo:
    firstSubMesh: 0
    subMeshCount: 0
  m_StaticBatchRoot: {fileID: 0}
  m_ProbeAnchor: {fileID: 0}
  m_LightProbeVolumeOverride: {fileID: 0}
  m_ScaleInLightmap: 1
  m_ReceiveGI: 1
  m_PreserveUVs: 0
  m_IgnoreNormalsForChartDetection: 0
  m_ImportantGI: 0
  m_StitchLightmapSeams: 1
  m_SelectedEditorRenderState: 3
  m_MinimumChartSize: 4
  m_AutoUVMaxDistance: 0.5
  m_AutoUVMaxAngle: 89
  m_LightmapParameters: {fileID: 0}
  m_SortingLayerID: 0
  m_SortingLayer: 0
  m_SortingOrder: 0
  m_AdditionalVertexStreams: {fileID: 0}
--- !u!65 &3718900648744341671
BoxCollider:
  m_ObjectHideFlags: 0
  m_CorrespondingSourceObject: {fileID: 0}
  m_PrefabInstance: {fileID: 0}
  m_PrefabAsset: {fileID: 0}
  m_GameObject: {fileID: 8557726405606315105}
  m_Material: {fileID: 0}
  m_IncludeLayers:
    serializedVersion: 2
    m_Bits: 0
  m_ExcludeLayers:
    serializedVersion: 2
    m_Bits: 0
  m_LayerOverridePriority: 0
  m_IsTrigger: 0
  m_ProvidesContacts: 0
  m_Enabled: 1
  serializedVersion: 3
  m_Size: {x: 1, y: 1, z: 1}
  m_Center: {x: 0, y: 0, z: 0}
--- !u!114 &4707540654070444061
MonoBehaviour:
  m_ObjectHideFlags: 0
  m_CorrespondingSourceObject: {fileID: 0}
  m_PrefabInstance: {fileID: 0}
  m_PrefabAsset: {fileID: 0}
  m_GameObject: {fileID: 8557726405606315105}
  m_Enabled: 1
  m_EditorHideFlags: 0
  m_Script: {fileID: 11500000, guid: 079c899c0c00745b4872a7681c8a3e38, type: 3}
  m_Name: 
  m_EditorClassIdentifier: 
  speed: 5
--- !u!114 &5861847545013465260
MonoBehaviour:
  m_ObjectHideFlags: 0
  m_CorrespondingSourceObject: {fileID: 0}
  m_PrefabInstance: {fileID: 0}
  m_PrefabAsset: {fileID: 0}
  m_GameObject: {fileID: 8557726405606315105}
  m_Enabled: 1
  m_EditorHideFlags: 0
  m_Script: {fileID: 11500000, guid: 62899f850307741f2a39c98a8b639597, type: 3}
  m_Name: 
  m_EditorClassIdentifier: 
  m_Actions: {fileID: -944628639613478452, guid: 94360d293791943d1ac771a6d242d4dc,
    type: 3}
  m_NotificationBehavior: 2
  m_UIInputModule: {fileID: 0}
  m_DeviceLostEvent:
    m_PersistentCalls:
      m_Calls: []
  m_DeviceRegainedEvent:
    m_PersistentCalls:
      m_Calls: []
  m_ControlsChangedEvent:
    m_PersistentCalls:
      m_Calls: []
  m_ActionEvents:
  - m_PersistentCalls:
      m_Calls:
      - m_Target: {fileID: 967755155201652039}
        m_TargetAssemblyTypeName: TestController, Assembly-CSharp
        m_MethodName: OnMove
        m_Mode: 0
        m_Arguments:
          m_ObjectArgument: {fileID: 0}
          m_ObjectArgumentAssemblyTypeName: UnityEngine.Object, UnityEngine
          m_IntArgument: 0
          m_FloatArgument: 0
          m_StringArgument: 
          m_BoolArgument: 0
        m_CallState: 2
    m_ActionId: de51bbb2-841c-4087-aab4-99c04e280e1a
    m_ActionName: Player/Move[/DualSenseGamepadHID1/leftStick,/DualSenseGamepadHID/leftStick,/DualSenseGamepadHID2/leftStick,/Keyboard/w,/Keyboard/s,/Keyboard/a,/Keyboard/d]
  - m_PersistentCalls:
      m_Calls: []
    m_ActionId: 3099fc12-47aa-44a1-802c-b1cc1a3da893
    m_ActionName: Player/Sprint[/DualSenseGamepadHID1/leftShoulder,/DualSenseGamepadHID/leftShoulder,/DualSenseGamepadHID2/leftShoulder,/Keyboard/shift]
  - m_PersistentCalls:
      m_Calls: []
    m_ActionId: ee36fe10-5805-4461-84b9-892939ef8007
    m_ActionName: Player/Fire[/DualSenseGamepadHID1/rightShoulder,/DualSenseGamepadHID/rightShoulder,/DualSenseGamepadHID2/rightShoulder,/Keyboard/space]
  - m_PersistentCalls:
      m_Calls: []
    m_ActionId: 9dfe2aff-b049-4adc-955e-31775c9b6d0d
    m_ActionName: Player/Select[/DualSenseGamepadHID1/buttonSouth,/DualSenseGamepadHID/buttonSouth,/DualSenseGamepadHID2/buttonSouth]
  - m_PersistentCalls:
      m_Calls: []
    m_ActionId: 95c6c40a-4ae7-469a-b80c-be9f1f4cfebe
    m_ActionName: Player2/Move[/DualSenseGamepadHID1/leftStick,/DualSenseGamepadHID/leftStick,/DualSenseGamepadHID2/leftStick,/Keyboard/w,/Keyboard/s,/Keyboard/a,/Keyboard/d]
  - m_PersistentCalls:
      m_Calls: []
    m_ActionId: c5277f7d-51c3-4f7e-b361-a5c6ada56030
    m_ActionName: Player2/Sprint[/DualSenseGamepadHID1/leftShoulder,/DualSenseGamepadHID/leftShoulder,/DualSenseGamepadHID2/leftShoulder,/Keyboard/shift]
  - m_PersistentCalls:
      m_Calls: []
    m_ActionId: 17aa8409-e083-4ea0-8037-e3d36399a051
    m_ActionName: Player2/Fire[/DualSenseGamepadHID1/rightShoulder,/DualSenseGamepadHID/rightShoulder,/DualSenseGamepadHID2/rightShoulder,/Keyboard/space]
  - m_PersistentCalls:
      m_Calls: []
    m_ActionId: 863ecb74-8ed8-49ae-be45-caef615e580e
    m_ActionName: Player2/Select[/DualSenseGamepadHID1/buttonSouth,/DualSenseGamepadHID/buttonSouth,/DualSenseGamepadHID2/buttonSouth]
  - m_PersistentCalls:
      m_Calls: []
    m_ActionId: 001b22aa-82c1-41bd-8a7f-766abaeb251b
    m_ActionName: UI/New action
  m_NeverAutoSwitchControlSchemes: 0
  m_DefaultControlScheme: 
  m_DefaultActionMap: Player
  m_SplitScreenIndex: -1
  m_Camera: {fileID: 0}
--- !u!114 &967755155201652039
MonoBehaviour:
  m_ObjectHideFlags: 0
  m_CorrespondingSourceObject: {fileID: 0}
  m_PrefabInstance: {fileID: 0}
  m_PrefabAsset: {fileID: 0}
  m_GameObject: {fileID: 8557726405606315105}
  m_Enabled: 1
  m_EditorHideFlags: 0
  m_Script: {fileID: 11500000, guid: 079c899c0c00745b4872a7681c8a3e38, type: 3}
  m_Name: 
  m_EditorClassIdentifier: 
  speed: 5
